@incollection {MR0023054,
    AUTHOR = {Hopf, H.},
     TITLE = {Zur {T}opologie der komplexen {M}annigfaltigkeiten},
 BOOKTITLE = {Studies and {E}ssays {P}resented to {R}. {C}ourant on his 60th
              {B}irthday, {J}anuary 8, 1948},
     PAGES = {167--185},
 PUBLISHER = {Interscience Publishers, Inc., New York},
      YEAR = {1948},
   MRCLASS = {56.0X},
  MRNUMBER = {0023054},
MRREVIEWER = {S. Eilenberg},
}