@book {CostelloRenormalization,
    AUTHOR = {Costello, Kevin},
     TITLE = {Renormalization and effective field theory},
    SERIES = {Mathematical Surveys and Monographs},
    VOLUME = {170},
 PUBLISHER = {American Mathematical Society},
   ADDRESS = {Providence, RI},
      YEAR = {2011},
     PAGES = {viii+251},
      ISBN = {978-0-8218-5288-0},
   MRCLASS = {81T15 (58Jxx 81T70)},
  MRNUMBER = {2778558},
}

@unpublished {LiVertex,
   AUTHOR = {Li, Si},
   TITLE = {{V}ertex algebras and quantum master equation},
   NOTE = {available at \url{https://arxiv.org/abs/1612.01292}},
}

@article {WittenCDO,
    AUTHOR = {Witten, Edward},
     TITLE = {Two-dimensional models with {$(0,2)$} supersymmetry:
              perturbative aspects},
   JOURNAL = {Adv. Theor. Math. Phys.},
  FJOURNAL = {Advances in Theoretical and Mathematical Physics},
    VOLUME = {11},
      YEAR = {2007},
    NUMBER = {1},
     PAGES = {1--63},
      ISSN = {1095-0761},
   MRCLASS = {17B69 (17B81 81T40 81T60)},
  MRNUMBER = {2320663 (2009c:17051)},
MRREVIEWER = {Eric R. Sharpe},
       URL = {http://projecteuclid.org.turing.library.northwestern.edu/getRecord?id=euclid.atmp/1183728967},
}

@book {BD,
    AUTHOR = {Beilinson, Alexander and Drinfeld, Vladimir},
     TITLE = {Chiral algebras},
    SERIES = {American Mathematical Society Colloquium Publications},
    VOLUME = {51},
 PUBLISHER = {American Mathematical Society},
   ADDRESS = {Providence, RI},
      YEAR = {2004},
     PAGES = {vi+375},
      ISBN = {0-8218-3528-9},
   MRCLASS = {17Bxx (14F43)},
  MRNUMBER = {2058353 (2005d:17007)},
MRREVIEWER = {Francisco J. Plaza Mart{\'{\i}}n},
}

@article {MSV,
    AUTHOR = {Malikov, Fyodor and Schechtman, Vadim and Vaintrob, Arkady},
     TITLE = {Chiral de {R}ham complex},
   JOURNAL = {Comm. Math. Phys.},
  FJOURNAL = {Communications in Mathematical Physics},
    VOLUME = {204},
      YEAR = {1999},
    NUMBER = {2},
     PAGES = {439--473},
      ISSN = {0010-3616},
     CODEN = {CMPHAY},
   MRCLASS = {17B69 (14F40 17B68 81T30)},
  MRNUMBER = {1704283},
MRREVIEWER = {Lev A. Borisov},
       DOI = {10.1007/s002200050653},
       URL = {http://dx.doi.org/10.1007/s002200050653},
}

@unpublished{KV,
   AUTHOR = {Kapranov, Mikhail and Vasserot, Eric},
     TITLE = {Formal loops {IV}: {C}hiral differential operators},
 NOTE = {available at \url{http://arxiv.org/abs/math/0612371}}
}

@article {Cheung,
    AUTHOR = {Cheung, Pokman},
     TITLE = {Chiral differential operators on supermanifolds},
   JOURNAL = {Math. Z.},
  FJOURNAL = {Mathematische Zeitschrift},
    VOLUME = {272},
      YEAR = {2012},
    NUMBER = {1-2},
     PAGES = {203--237},
      ISSN = {0025-5874},
     CODEN = {MAZEAX},
   MRCLASS = {58A50 (32C38 32G13 58J22)},
  MRNUMBER = {2968222},
MRREVIEWER = {Fei Han},
       DOI = {10.1007/s00209-011-0930-7},
       URL = {http://dx.doi.org/10.1007/s00209-011-0930-7},
}

@article {Bressler,
    AUTHOR = {Bressler, Paul},
     TITLE = {The first {P}ontryagin class},
   JOURNAL = {Compos. Math.},
  FJOURNAL = {Compositio Mathematica},
    VOLUME = {143},
      YEAR = {2007},
    NUMBER = {5},
     PAGES = {1127--1163},
      ISSN = {0010-437X},
   MRCLASS = {57R20 (17B69 55S35)},
  MRNUMBER = {2360313},
MRREVIEWER = {J{\"o}rg Jahnel},
       DOI = {10.1112/S0010437X07002710},
       URL = {http://dx.doi.org/10.1112/S0010437X07002710},
}

@article {GMS,
    AUTHOR = {Gorbounov, Vassily and Malikov, Fyodor and Schechtman, Vadim},
     TITLE = {Gerbes of chiral differential operators},
   JOURNAL = {Math. Res. Lett.},
  FJOURNAL = {Mathematical Research Letters},
    VOLUME = {7},
      YEAR = {2000},
    NUMBER = {1},
     PAGES = {55--66},
      ISSN = {1073-2780},
   MRCLASS = {17B69 (14F40 17B68 81T40)},
  MRNUMBER = {1748287 (2002c:17040)},
MRREVIEWER = {Alexander E. Polishchuk},
}

@Article{BorLib,
author="Borisov, Lev A.
and Libgober, Anatoly",
title="Elliptic genera of toric varieties and applications to mirror symmetry",
journal="Inventiones mathematicae",
year="2000",
volume="140",
number="2",
pages="453--485",
issn="1432-1297",
doi="10.1007/s002220000058",
url="http://dx.doi.org/10.1007/s002220000058"
}

@unpublished{KapCDR,
   AUTHOR = {Kapustin, Anton},
     TITLE = {Chiral de {R}ham complex and the half-twisted sigma-model},
 NOTE = {available at \url{http://arxiv.org/abs/hep-th/0504074}}
}

@unpublished{Nek,
   AUTHOR = {Nekrasov, Nikita},
     TITLE = {Lectures on curved beta-gamma systems, pure spinors, and anomalies},
 NOTE = {available at \url{http://arxiv.org/abs/0511.3008}}
}

@book {CG1,
    AUTHOR = {Costello, Kevin and Gwilliam, Owen},
     TITLE = {Factorization algebras in quantum field theory. {V}ol. 1},
    SERIES = {New Mathematical Monographs},
    VOLUME = {31},
 PUBLISHER = {Cambridge University Press, Cambridge},
      YEAR = {2017},
     PAGES = {ix+387},
      ISBN = {978-1-107-16310-2},
   MRCLASS = {81-01 (17B69 18D50 53D55 81R05 81R10)},
  MRNUMBER = {3586504},
       DOI = {10.1017/9781316678626},
       URL = {http://dx.doi.org/10.1017/9781316678626},
}

@unpublished {CG2,
   AUTHOR = {Costello, Kevin and Gwilliam, Owen},
     TITLE = {Factorization algebras in quantum field theory. {V}ol. 2},
 NOTE = {available at \url{http://people.mpim-bonn.mpg.de/gwilliam}},
}

@unpublished {WG2,
   AUTHOR = {Costello, Kevin},
     TITLE = {A geometric construction of the {W}itten genus, {II}},
 NOTE = {available at \url{http://arxiv.org/abs/1112.0816}},
}

@article {CF2,
    AUTHOR = {Cattaneo, Alberto S. and Felder, Giovanni},
     TITLE = {On the globalization of {K}ontsevich's star product and the
              perturbative {P}oisson sigma model},
      NOTE = {Noncommutative geometry and string theory (Yokohama, 2001)},
   JOURNAL = {Progr. Theoret. Phys. Suppl.},
  FJOURNAL = {Progress of Theoretical Physics. Supplement},
    NUMBER = {144},
      YEAR = {2001},
     PAGES = {38--53},
      ISSN = {0375-9687},
   MRCLASS = {53D55 (81S10 81T13)},
  MRNUMBER = {2023844},
MRREVIEWER = {Stefan Waldmann},
       DOI = {10.1143/PTPS.144.38},
       URL = {http://dx.doi.org.turing.library.northwestern.edu/10.1143/PTPS.144.38},
}

@book {Fuks,
    AUTHOR = {Fuks, D. B.},
     TITLE = {Cohomology of infinite-dimensional {L}ie algebras},
    SERIES = {Contemporary Soviet Mathematics},
      NOTE = {Translated from the Russian by A. B. Sosinski{\u\i}},
 PUBLISHER = {Consultants Bureau, New York},
      YEAR = {1986},
     PAGES = {xii+339},
      ISBN = {0-306-10990-5},
   MRCLASS = {17-02 (17B56 17B65)},
  MRNUMBER = {874337},
}

@article {BK,
    AUTHOR = {Bezrukavnikov, R. and Kaledin, D.},
     TITLE = {Fedosov quantization in algebraic context},
   JOURNAL = {Mosc. Math. J.},
  FJOURNAL = {Moscow Mathematical Journal},
    VOLUME = {4},
      YEAR = {2004},
    NUMBER = {3},
     PAGES = {559--592, 782},
      ISSN = {1609-3321},
   MRCLASS = {53D55 (14F05)},
  MRNUMBER = {2119140},
MRREVIEWER = {Stefan Waldmann},
}

@article {Malikov2008,
    AUTHOR = {Malikov, Fyodor},
     TITLE = {Lagrangian approach to sheaves of vertex algebras},
   JOURNAL = {Comm. Math. Phys.},
  FJOURNAL = {Communications in Mathematical Physics},
    VOLUME = {278},
      YEAR = {2008},
    NUMBER = {2},
     PAGES = {487--548},
      ISSN = {0010-3616},
     CODEN = {CMPHAY},
   MRCLASS = {81R10 (14D24 17B69 53D17 81T60)},
  MRNUMBER = {2372767},
       DOI = {10.1007/s00220-007-0403-3},
       URL = {http://dx.doi.org/10.1007/s00220-007-0403-3},
}

@unpublished{GGW,
AUTHOR = {Gwilliam, Owen and Gorbounov, Vassily and Williams, Brian},
TITLE = {{C}hiral differential operators via {B}atalin-{V}ilkovisky quantization},
Note = {Available at \url{https://arxiv.org/abs/1610.09657}},
}

@article {FrancisGaitsgory,
    AUTHOR = {Francis, John and Gaitsgory, Dennis},
     TITLE = {Chiral {K}oszul duality},
   JOURNAL = {Selecta Math. (N.S.)},
  FJOURNAL = {Selecta Mathematica. New Series},
    VOLUME = {18},
      YEAR = {2012},
    NUMBER = {1},
     PAGES = {27--87},
      ISSN = {1022-1824},
   MRCLASS = {14F10 (14F05 14H81 17B55 18D10 18D50)},
  MRNUMBER = {2891861},
MRREVIEWER = {Beno\^\i t Fresse},
       URL = {https://doi.org/10.1007/s00029-011-0065-z},
}

@article {LiLi,
    AUTHOR = {Li, Qin and Li, Si},
     TITLE = {On the {B}-twisted topological sigma model and {C}alabi-{Y}au
              geometry},
   JOURNAL = {J. Differential Geom.},
  FJOURNAL = {Journal of Differential Geometry},
    VOLUME = {102},
      YEAR = {2016},
    NUMBER = {3},
     PAGES = {409--484},
      ISSN = {0022-040X},
   MRCLASS = {53D50 (53D37)},
  MRNUMBER = {3466804},
       URL = {http://projecteuclid.org/euclid.jdg/1456754015},
}

@unpublished {CLL,
   AUTHOR = {Chan, Kwokwai and Leung, Naichung Conan and Li, Qin},
     TITLE = {A mathematical foundation of {R}ozansky-{W}itten theory},
NOTE = {available at \url{http://arxiv.org/abs/1502.03510}},
}

@article {GLL,
    AUTHOR = {Grady, Ryan E. and Li, Qin and Li, Si},
     TITLE = {Batalin-{V}ilkovisky quantization and the algebraic index},
   JOURNAL = {Adv. Math.},
  FJOURNAL = {Advances in Mathematics},
    VOLUME = {317},
      YEAR = {2017},
     PAGES = {575--639},
      ISSN = {0001-8708},
   MRCLASS = {53D55 (58J20 81Q30 81T15)},
  MRNUMBER = {3682678},
       URL = {https://doi.org/10.1016/j.aim.2017.07.007},
}

@article {GG1,
    AUTHOR = {Gwilliam, Owen and Grady, Ryan},
     TITLE = {One-dimensional {C}hern-{S}imons theory and the {$\hat A$}
              genus},
   JOURNAL = {Algebr. Geom. Topol.},
  FJOURNAL = {Algebraic \& Geometric Topology},
    VOLUME = {14},
      YEAR = {2014},
    NUMBER = {4},
     PAGES = {2299--2377},
      ISSN = {1472-2747},
   MRCLASS = {57R56 (18G55 58J20)},
  MRNUMBER = {3331615},
MRREVIEWER = {Sergiy Koshkin},
       DOI = {10.2140/agt.2014.14.2299},
       URL = {http://dx.doi.org/10.2140/agt.2014.14.2299},
}

@book {Fedosov,
    AUTHOR = {Fedosov, Boris},
     TITLE = {Deformation quantization and index theory},
    SERIES = {Mathematical Topics},
    VOLUME = {9},
 PUBLISHER = {Akademie Verlag, Berlin},
      YEAR = {1996},
     PAGES = {325},
      ISBN = {3-05-501716-1},
   MRCLASS = {58G12 (58F06)},
  MRNUMBER = {1376365},
MRREVIEWER = {Markus J. Pflaum},
}

@article {NT,
    AUTHOR = {Nest, Ryszard and Tsygan, Boris},
     TITLE = {Algebraic index theorem},
   JOURNAL = {Comm. Math. Phys.},
  FJOURNAL = {Communications in Mathematical Physics},
    VOLUME = {172},
      YEAR = {1995},
    NUMBER = {2},
     PAGES = {223--262},
      ISSN = {0010-3616},
   MRCLASS = {58G12 (19D55 19K56 46L85 47A53 58G15 58H10)},
  MRNUMBER = {1350407},
MRREVIEWER = {Jonathan M. Rosenberg},
       URL = {http://projecteuclid.org/euclid.cmp/1104274104},
}

@incollection {WittenDirac,
    AUTHOR = {Witten, Edward},
     TITLE = {The index of the {D}irac operator in loop space},
 BOOKTITLE = {Elliptic curves and modular forms in algebraic topology
              ({P}rinceton, {NJ}, 1986)},
    SERIES = {Lecture Notes in Math.},
    VOLUME = {1326},
     PAGES = {161--181},
 PUBLISHER = {Springer, Berlin},
      YEAR = {1988},
   MRCLASS = {58G12 (81E30)},
  MRNUMBER = {970288},
       DOI = {10.1007/BFb0078045},
       URL = {http://dx.doi.org/10.1007/BFb0078045},
}

@inproceedings {WG1,
    AUTHOR = {Costello, Kevin},
     TITLE = {A geometric construction of the {W}itten genus, {I}},
 BOOKTITLE = {Proceedings of the {I}nternational {C}ongress of
              {M}athematicians. {V}olume {II}},
     PAGES = {942--959},
 PUBLISHER = {Hindustan Book Agency, New Delhi},
      YEAR = {2010},
   MRCLASS = {58J26 (16E40 53D55 81T40)},
  MRNUMBER = {2827826},
MRREVIEWER = {Domenico Fiorenza},
}

@Article{BWVir,
AUTHOR={Williams, Brian},
TITLE ={The {V}irasoro vertex algebra and factorization algebras on {R}iemann surfaces},
JOURNAL = {Letters in Mathematical Physics},
YEAR = {2017},
MONTH = {Aug},
DAY = {24},
ISSN = {1573-0530},
DOI = {10.1007/s11005-017-0982-7},
NOTE= {\url{https://doi.org/10.1007/s11005-017-0982-7}},
}

@unpublished{FHK,
author = {Faonte, Giovanni and Hennion, Benjamin and Kapranov, Mikhail},
title = {{Higher Kac-Moody algebras and moduli spaces of G-bundles}},
note = {Available at \url{https://arxiv.org/pdf/1701.01368.pdf}},
}

@unpublished{johansen1,
author = {Johansen, A.},
title = {Twisting of {N}=1 SUSY gauge theories and Heterotic topological theories},
note = {arXiv:hep-th/9403017},
year={1994}
}

@article {WittenJones,
    AUTHOR = {Witten, Edward},
     TITLE = {Quantum field theory and the {J}ones polynomial},
   JOURNAL = {Comm. Math. Phys.},
  FJOURNAL = {Communications in Mathematical Physics},
    VOLUME = {121},
      YEAR = {1989},
    NUMBER = {3},
     PAGES = {351--399},
      ISSN = {0010-3616},
   MRCLASS = {57M25 (17B67 57N10 58D15 58D30 81E40)},
  MRNUMBER = {990772},
MRREVIEWER = {Daniel S. Freed},
       URL = {http://projecteuclid.org/euclid.cmp/1104178138},
}

@unpublished {ButsonYoo,
    AUTHOR = {Butson, Dylan and Yoo, Philsang},
    TITLE = {Degenerate classical field theories and boundary theories},
    NOTE = {Available at \url{https://arxiv.org/abs/1611.00311}},
}

@unpublished {CostelloYangian,
   AUTHOR = {Costello, Kevin},
     TITLE = {{S}upersymmetric gauge theory and the {Y}angian},
 NOTE = {Available at \url{http://arxiv.org/abs/1303.2632}},
}

@book {MR2214654,
    AUTHOR = {Dragomir, Sorin and Tomassini, Giuseppe},
     TITLE = {Differential geometry and analysis on {CR} manifolds},
    SERIES = {Progress in Mathematics},
    VOLUME = {246},
 PUBLISHER = {Birkh\"auser Boston, Inc., Boston, MA},
      YEAR = {2006},
     PAGES = {xvi+487},
      ISBN = {978-0-8176-4388-1; 0-8176-4388-5},
   MRCLASS = {32V20 (32V30 32V40 53C15)},
  MRNUMBER = {2214654},
MRREVIEWER = {Thomas Garrity},
}
@book {MR1376365,
    AUTHOR = {Fedosov, Boris},
     TITLE = {Deformation quantization and index theory},
    SERIES = {Mathematical Topics},
    VOLUME = {9},
 PUBLISHER = {Akademie Verlag, Berlin},
      YEAR = {1996},
     PAGES = {325},
      ISBN = {3-05-501716-1},
   MRCLASS = {58G12 (58F06)},
  MRNUMBER = {1376365},
MRREVIEWER = {Markus J. Pflaum},
}
@article {MR2891861,
    AUTHOR = {Francis, John and Gaitsgory, Dennis},
     TITLE = {Chiral {K}oszul duality},
   JOURNAL = {Selecta Math. (N.S.)},
  FJOURNAL = {Selecta Mathematica. New Series},
    VOLUME = {18},
      YEAR = {2012},
    NUMBER = {1},
     PAGES = {27--87},
      ISSN = {1022-1824},
   MRCLASS = {14F10 (14F05 14H81 17B55 18D10 18D50)},
  MRNUMBER = {2891861},
MRREVIEWER = {Beno\^\i t Fresse},
       DOI = {10.1007/s00029-011-0065-z},
       URL = {https://doi.org/10.1007/s00029-011-0065-z},
}
@article {MR1175574,
    AUTHOR = {Frenkel, Edward},
     TITLE = {Determinant formulas for the free field representations of the
              {V}irasoro and {K}ac-{M}oody algebras},
   JOURNAL = {Phys. Lett. B},
  FJOURNAL = {Physics Letters. B. Particle Physics, Nuclear Physics and
              Cosmology},
    VOLUME = {286},
      YEAR = {1992},
    NUMBER = {1-2},
     PAGES = {71--77},
      ISSN = {0370-2693},
   MRCLASS = {17B68 (17B67)},
  MRNUMBER = {1175574},
MRREVIEWER = {Yu Ting Jia},
       DOI = {10.1016/0370-2693(92)90160-6},
       URL = {https://doi.org/10.1016/0370-2693(92)90160-6},
}
@book {MR2128719,
    AUTHOR = {Gasper, George and Rahman, Mizan},
     TITLE = {Basic hypergeometric series},
    SERIES = {Encyclopedia of Mathematics and its Applications},
    VOLUME = {96},
   EDITION = {Second},
      NOTE = {With a foreword by Richard Askey},
 PUBLISHER = {Cambridge University Press, Cambridge},
      YEAR = {2004},
     PAGES = {xxvi+428},
      ISBN = {0-521-83357-4},
   MRCLASS = {33Dxx (05A30 05E35 33-01 33-02)},
  MRNUMBER = {2128719},
MRREVIEWER = {Shaun Cooper},
       DOI = {10.1017/CBO9780511526251},
       URL = {https://doi.org/10.1017/CBO9780511526251},
}
@article {MR3682678,
    AUTHOR = {Grady, Ryan E. and Li, Qin and Li, Si},
     TITLE = {Batalin-{V}ilkovisky quantization and the algebraic index},
   JOURNAL = {Adv. Math.},
  FJOURNAL = {Advances in Mathematics},
    VOLUME = {317},
      YEAR = {2017},
     PAGES = {575--639},
      ISSN = {0001-8708},
   MRCLASS = {53D55 (58J20 81Q30 81T15)},
  MRNUMBER = {3682678},
MRREVIEWER = {Andrea D'Agnolo},
       DOI = {10.1016/j.aim.2017.07.007},
       URL = {https://doi.org/10.1016/j.aim.2017.07.007},
}
@book {KM97,
    AUTHOR = {Kriegl, Andreas and Michor, Peter W.},
     TITLE = {The convenient setting of global analysis},
    SERIES = {Mathematical Surveys and Monographs},
    VOLUME = {53},
 PUBLISHER = {American Mathematical Society, Providence, RI},
      YEAR = {1997},
     PAGES = {x+618},
      ISBN = {0-8218-0780-3},
   MRCLASS = {58Bxx (46-02 46Gxx 46M20 58C15)},
  MRNUMBER = {1471480},
MRREVIEWER = {Olga Gil-Medrano},
       DOI = {10.1090/surv/053},
       URL = {https://doi.org/10.1090/surv/053},
}
@article {MR1350407,
    AUTHOR = {Nest, Ryszard and Tsygan, Boris},
     TITLE = {Algebraic index theorem},
   JOURNAL = {Comm. Math. Phys.},
  FJOURNAL = {Communications in Mathematical Physics},
    VOLUME = {172},
      YEAR = {1995},
    NUMBER = {2},
     PAGES = {223--262},
      ISSN = {0010-3616},
   MRCLASS = {58G12 (19D55 19K56 46L85 47A53 58G15 58H10)},
  MRNUMBER = {1350407},
MRREVIEWER = {Jonathan M. Rosenberg},
       URL = {http://projecteuclid.org/euclid.cmp/1104274104},
}
@incollection {StasheffDG,
    AUTHOR = {Stasheff, Jim},
     TITLE = {Differential graded {L}ie algebras, quasi-{H}opf algebras and
              higher homotopy algebras},
 BOOKTITLE = {Quantum groups ({L}eningrad, 1990)},
    SERIES = {Lecture Notes in Math.},
    VOLUME = {1510},
     PAGES = {120--137},
 PUBLISHER = {Springer, Berlin},
      YEAR = {1992},
   MRCLASS = {17B70 (16S80 16W30 17B37 81R50)},
  MRNUMBER = {1183483},
MRREVIEWER = {Johannes Huebschmann},
       DOI = {10.1007/BFb0101184},
       URL = {https://doi.org/10.1007/BFb0101184},
}
@article {MR990772,
    AUTHOR = {Witten, Edward},
     TITLE = {Quantum field theory and the {J}ones polynomial},
   JOURNAL = {Comm. Math. Phys.},
  FJOURNAL = {Communications in Mathematical Physics},
    VOLUME = {121},
      YEAR = {1989},
    NUMBER = {3},
     PAGES = {351--399},
      ISSN = {0010-3616},
   MRCLASS = {57M25 (17B67 57N10 58D15 58D30 81E40)},
  MRNUMBER = {990772},
MRREVIEWER = {Daniel S. Freed},
       URL = {http://projecteuclid.org/euclid.cmp/1104178138},
}

@article {GetzlerLie,
    AUTHOR = {Getzler, Ezra},
     TITLE = {Lie theory for nilpotent {$L_\infty$}-algebras},
   JOURNAL = {Ann. of Math. (2)},
  FJOURNAL = {Annals of Mathematics. Second Series},
    VOLUME = {170},
      YEAR = {2009},
    NUMBER = {1},
     PAGES = {271--301},
      ISSN = {0003-486X},
   MRCLASS = {17B55 (18G55 55U10)},
  MRNUMBER = {2521116},
MRREVIEWER = {Elena Poletaeva},
       DOI = {10.4007/annals.2009.170.271},
       URL = {https://doi.org/10.4007/annals.2009.170.271},
}

@article {EWY,
    AUTHOR = {Elliott, Chris and Williams, Brian and Yoo, Philsang},
     TITLE = {Asymptotic freedom in the {BV} formalism},
   JOURNAL = {J. Geom. Phys.},
  FJOURNAL = {Journal of Geometry and Physics},
    VOLUME = {123},
      YEAR = {2018},
     PAGES = {246--283},
      ISSN = {0393-0440},
   MRCLASS = {81T13 (53D50)},
  MRNUMBER = {3724786},
       DOI = {10.1016/j.geomphys.2017.08.009},
       URL = {https://doi.org/10.1016/j.geomphys.2017.08.009},
}

@article {NekCFT,
    AUTHOR = {Losev, Andrei and Moore, Gregory and Nekrasov, Nikita and
              Shatashvili, Samson},
     TITLE = {Four-dimensional avatars of two-dimensional {RCFT}},
      NOTE = {$S$-duality and mirror symmetry (Trieste, 1995)},
   JOURNAL = {Nuclear Phys. B Proc. Suppl.},
  FJOURNAL = {Nuclear Physics B. Proceedings Supplement},
    VOLUME = {46},
      YEAR = {1996},
     PAGES = {130--145},
      ISSN = {0920-5632},
   MRCLASS = {81T70 (32G81 58Z05 81T13 81T40)},
  MRNUMBER = {1411466},
MRREVIEWER = {Bruce Hunt},
       DOI = {10.1016/0920-5632(96)00015-1},
       URL = {https://doi.org/10.1016/0920-5632(96)00015-1},
}
@article {NekChiral,
    AUTHOR = {Losev, Andrei and Moore, Gregory and Nekrasov, Nikita and
              Shatashvili, Samson},
     TITLE = {Chiral {L}agrangians, anomalies, supersymmetry, and
              holomorphy},
   JOURNAL = {Nuclear Phys. B},
  FJOURNAL = {Nuclear Physics. B. Theoretical, Phenomenological, and
              Experimental High Energy Physics. Quantum Field Theory and
              Statistical Systems},
    VOLUME = {484},
      YEAR = {1997},
    NUMBER = {1-2},
     PAGES = {196--222},
      ISSN = {0550-3213},
   MRCLASS = {81T50 (81T40)},
  MRNUMBER = {1431695},
MRREVIEWER = {P. Mitra},
       DOI = {10.1016/S0550-3213(96)00612-8},
       URL = {https://doi.org/10.1016/S0550-3213(96)00612-8},
}
@book {NekThesis,
    AUTHOR = {Nekrassov, Nikita Alex},
     TITLE = {Four-dimensional holomorphic theories},
      NOTE = {Thesis (Ph.D.)--Princeton University},
 PUBLISHER = {ProQuest LLC, Ann Arbor, MI},
      YEAR = {1996},
     PAGES = {174},
      ISBN = {978-0591-07477-2},
   MRCLASS = {Thesis},
  MRNUMBER = {2694731},
       URL =
              {http://gateway.proquest.com/openurl?url_ver=Z39.88-2004&rft_val_fmt=info:ofi/fmt:kev:mtx:dissertation&res_dat=xri:pqdiss&rft_dat=xri:pqdiss:9701221},
}

@incollection {Wong,
    AUTHOR = {Chandler, Karen and Wong, Pit-Mann},
     TITLE = {Finsler geometry of holomorphic jet bundles},
 BOOKTITLE = {A sampler of {R}iemann-{F}insler geometry},
    SERIES = {Math. Sci. Res. Inst. Publ.},
    VOLUME = {50},
     PAGES = {107--196},
 PUBLISHER = {Cambridge Univ. Press, Cambridge},
      YEAR = {2004},
   MRCLASS = {32L05 (53C60)},
  MRNUMBER = {2132659},
MRREVIEWER = {Lajos Tam\'assy},
}
@incollection {GriffithsGreen,
    AUTHOR = {Green, Mark and Griffiths, Phillip},
     TITLE = {Two applications of algebraic geometry to entire holomorphic
              mappings},
 BOOKTITLE = {The {C}hern {S}ymposium 1979 ({P}roc. {I}nternat. {S}ympos.,
              {B}erkeley, {C}alif., 1979)},
     PAGES = {41--74},
 PUBLISHER = {Springer, New York-Berlin},
      YEAR = {1980},
   MRCLASS = {32H25 (14J25 32J15)},
  MRNUMBER = {609557},
MRREVIEWER = {R. R. Simha},
}
@book {Polchinski1,
    AUTHOR = {Polchinski, Joseph},
     TITLE = {String theory. {V}ol. {I}},
    SERIES = {Cambridge Monographs on Mathematical Physics},
      NOTE = {An introduction to the bosonic string},
 PUBLISHER = {Cambridge University Press, Cambridge},
      YEAR = {1998},
     PAGES = {xx+401},
      ISBN = {0-521-63303-6},
   MRCLASS = {81T30 (81-01 81-02 83E30)},
  MRNUMBER = {1648555},
MRREVIEWER = {Angel Maria Uranga},
       DOI = {10.1017/CBO9780511618123},
       URL = {https://doi.org/10.1017/CBO9780511618123},
}